@article{fest1959, 
author = "Festinger, L. and Carlsmith, J.", 
Title = "Cognitive consequences of forced compliance.", 
journal = "The Journal of Abnormal and Social Psychology", 
YEAR = 1959, 
howpublished={\url{http://psychclassics.yorku.ca/Festinger/}},
} 


@MISC{kiamotorattack,
 author = {Tecbound Technology},
 title = {Ransomware Attackers Demand 20 Million From U.S. Kia Motors},
 url = {https://www.tecbound.com/ransomware-attackers-demand-20-million-from-u-s-kia-motors/},
 note = {[Accessed: Oct 2, 2021]},
}

@article{c2014lenguaje,
  title={El lenguaje de programaci{\'o}n Python},
  author={Challenger-P{\'e}rez, Ivet and D{\'\i}az-Ricardo, Yanet and Becerra-Garc{\'\i}a, Roberto Antonio},
  journal={Ciencias Holgu{\'\i}n},
  volume={20},
  number={2},
  pages={1--13},
  year={2014},
  publisher={Centro de Informaci{\'o}n y Gesti{\'o}n Tecnol{\'o}gica de Holgu{\'\i}n}
}